<collection xmlns="http://www.loc.gov/MARC21/slim"><record><leader>01090nam  2200289   450</leader><controlfield tag="001">212</controlfield><controlfield tag="003">http://montalegre.opacnet.com/OPAC/default.aspx?ContentAreaControl=ShowRegHoldings.ascx&amp;RegNo=16662</controlfield><datafield tag="095" ind1=" " ind2=" "><subfield code="a">PTBN00039080</subfield></datafield><datafield tag="100" ind1=" " ind2=" "><subfield code="a">19870126a19809999m  y0pora0103    ba</subfield></datafield><datafield tag="101" ind1="1" ind2=" "><subfield code="a">por</subfield><subfield code="c">eng</subfield></datafield><datafield tag="102" ind1=" " ind2=" "><subfield code="a">PT</subfield></datafield><datafield tag="200" ind1="1" ind2=" "><subfield code="a">Contos do imprevisto</subfield><subfield code="f">Roald Dahl</subfield><subfield code="g">trad. Mariana Pardal Monteiro</subfield></datafield><datafield tag="210" ind1=" " ind2=" "><subfield code="a">Lisboa</subfield><subfield code="c">Teorema</subfield><subfield code="d">cop. 1980-</subfield></datafield><datafield tag="215" ind1=" " ind2=" "><subfield code="a">v</subfield><subfield code="d">19cm</subfield></datafield><datafield tag="225" ind1="2" ind2=" "><subfield code="a">Estórias</subfield><subfield code="v">1 v, 2 v, 3 v</subfield></datafield><datafield tag="304" ind1=" " ind2=" "><subfield code="a">Tít. orig. Tales of the unexpected</subfield></datafield><datafield tag="327" ind1="0" ind2=" "><subfield code="a">1" v.: 165, 2" v.: 167, 3" v.: 149, [2] p. - (Estórias ; 5)</subfield></datafield><datafield tag="675" ind1=" " ind2=" "><subfield code="a">821</subfield><subfield code="v">BN</subfield><subfield code="z">por</subfield><subfield code="3">292484</subfield></datafield><datafield tag="700" ind1=" " ind2="1"><subfield code="a">Dahl</subfield><subfield code="b">Roald</subfield><subfield code="f">1916-1990</subfield><subfield code="3">24169</subfield></datafield><datafield tag="801" ind1=" " ind2="0"><subfield code="a">PT</subfield><subfield code="b">Biblioteca Municipal de Montalegre</subfield><subfield code="g">RPC</subfield></datafield><datafield tag="856" ind1=" " ind2=" "><subfield code="u">locateMedia.asp?cod=20060510140554&amp;ext=jpg</subfield><subfield code="z">CAPA</subfield></datafield><datafield tag="856" ind1=" " ind2=" "><subfield code="u">locateMedia.asp?cod=20060510140615&amp;ext=jpg</subfield><subfield code="z">CAPA</subfield></datafield><datafield tag="856" ind1=" " ind2=" "><subfield code="u">locateMedia.asp?cod=20060510140627&amp;ext=jpg</subfield><subfield code="z">CAPA</subfield></datafield><datafield tag="909" ind1="&#9;" ind2=" "><subfield code="a">5</subfield></datafield><datafield tag="966" ind1=" " ind2=" "><subfield code="a">0008421</subfield><subfield code="l">BMM</subfield><subfield code="s">SCG 821 DAH con 1</subfield></datafield><datafield tag="966" ind1=" " ind2=" "><subfield code="a">0011743</subfield><subfield code="l">BMM</subfield><subfield code="s">SCG 821 DAH con 1</subfield></datafield><datafield tag="966" ind1=" " ind2=" "><subfield code="a">0008422</subfield><subfield code="l">BMM</subfield><subfield code="s">SCG 821 DAH con 3</subfield></datafield><datafield tag="966" ind1=" " ind2=" "><subfield code="a">0008423</subfield><subfield code="l">BMM</subfield><subfield code="s">SCG 821 DAH con 5</subfield></datafield><datafield tag="966" ind1=" " ind2=" "><subfield code="a">0008424</subfield><subfield code="l">BMM</subfield><subfield code="s">SCG 821 DAH con 5</subfield></datafield></record></collection>